@misc{dataset,
  author       = {fedesoriano},
  howpublished = {
    \url{https://www.kaggle.com/datasets/fedesoriano/heart-failure-prediction}
  },
  title        = {Heart Failure Prediction Dataset},
  year         = {2021}
}