@misc{dataset,
  author       = {fedesoriano},
  howpublished = {
    \url{https://www.kaggle.com/datasets/fedesoriano/heart-failure-prediction}
  },
  title        = {Heart Failure Prediction Dataset},
  year         = {2021}
}

@misc{angina,
  author       = {MayoClinic},
  howpublished = {
    \url{https://www.mayoclinic.org/es/diseases-conditions/angina/symptoms-causes/syc-20369373}
  },
  title        = {Angina de pecho},
  year         = {2022}
}

@misc{presion-arterial,
  author       = {NHS},
  howpublished = {
    \url{https://www.nhs.uk/common-health-questions/lifestyle/what-is-blood-pressure/}
  },
  title        = {What is blood pressure?},
  year         = {2022}
}

@misc{colesterol,
  author       = {The Texas Heart Institute},
  howpublished = {
    \url{https://www.texasheart.org/heart-health/heart-information-center/topics/colesterol/}
  },
  title        = {Colesterol},
  year         = {}
}

@misc{electrocardiograma,
  author       = {ascot cardiology group},
  howpublished = {
    \url{https://ascotcardiologygroup.co.nz/services/diagnostic-resting-ecg/}
  },
  title        = {Diagnostic Resting ECG},
  year         = {}
}

@misc{ST,
  author       = {Ed Burns y Robert Buttner},
  howpublished = {
    \url{https://litfl.com/st-segment-ecg-library/}
  },
  title        = {The ST Segment},
  year         = {2022}
}

@misc{LVH,
  author       = {Ary L Goldbeguer, MD},
  howpublished = {
    \url{https://www.uptodate.com/contents/left-ventricular-hypertrophy-clinical-findings-and-ecg-diagnosis}
  },
  title        = {Left ventricular hypertrophy: Clinical findings and ECG diagnosis},
  year         = {2022}
}

@misc{correlacion,
  author       = {Utkarsh},
  howpublished = {
    \url{https://www.scaler.com/topics/association-and-correlation-in-data-mining/}
  },
  title        = {Association and Correlation in Data Mining},
  year         = {2023}
}

@misc{missin_values,
  author       = {Minewiskan y TimShererWithAquent},
  howpublished = {
    \url{https://learn.microsoft.com/en-us/analysis-services/data-mining/missing-values-analysis-services-data-mining?view=asallproducts-allversions}
  },
  title        = {Missing Values (Analysis Services - Data Mining)},
  year         = {2022}
}

@misc{ruido,
  author       = {javatpoint},
  howpublished = {
    \url{https://www.javatpoint.com/what-is-noise-in-data-mining}
  },
  title        = {What is Noise in Data Mining?},
  year         = {}
}

@misc{anomalia,
  author       = {Victor Yepes},
  howpublished = {
    \url{https://victoryepes.blogs.upv.es/2022/02/21/que-hacemos-con-los-valores-atipicos-outliers/}
  },
  title        = {¿Qué hacemos con los valores atípicos (outliers)?},
  year         = {2022}
}